 
@article{siami2018forecasting,
  title={Forecasting economics and financial time series: ARIMA vs. LSTM},
  author={Siami-Namini, Sima and Namin, Akbar Siami},
  journal={arXiv preprint arXiv:1803.06386},
  year={2018}
}
